% MONOGRAPHY EXAMPLE setup
@BOOK{hogg:2005,
  AUTHOR       = "{Hogg, R. V., McKean, J., & Craig, A. T}",
  TITLE        = "{Introduction to mathematical statistics}",
  SERIES       = {8th Edition},
  PUBLISHER    = "Pearson Education",
  YEAR         = "2005"
}

@BOOK{openstax,
  AUTHOR ="{Rice University}",
   title = { Introduction - Introductory Statistics | OpenStax},
   url = {https://openstax.org/books/introductory-statistics/pages/1-introduction},
   YEAR         = "2003"
}

@MISC{wiki:trig,
  AUTHOR       = "{WIKI Books}",
  TITLE        = "{Trigonometric Substitution}",
  YEAR 		   = "2022",
  NOTE         = "[last access: 23.05.2022]).",
  url = {https://en.wikibooks.org/wiki/Calculus/Integration_techniques/Trigonometric_Substitution},
}

@MISC{Iubh:2021,
  AUTHOR       = "{IU Internationale Hochschule GmbH}",
  TITLE        = "{Advanced Statistics Script}",
  YEAR 		   = "2021",
  NOTE         = "[last access: 02.06.2022])."
}

@MISC{t-table,
  AUTHOR       = "{T-Table Distribution}",
  title = {{T-Table Distribution}},
  howpublished = "\url{http://https://www.tdistributiontable.com//}",
  year = {2022}, 
  NOTE = "[Online; last access 30.05.2022]"
}
